<record><leader>00000cas a22000007a 4500</leader><controlfield tag="001">23459808</controlfield><controlfield tag="008">910412d18771886iauwr ne      0    0eng d</controlfield><datafield ind1=" " ind2=" " tag="010"><subfield code="a">sn 91056007 </subfield></datafield><datafield ind1=" " ind2=" " tag="040"><subfield code="a">INP</subfield><subfield code="b">eng</subfield><subfield code="c">INP</subfield><subfield code="d">OCLCQ</subfield></datafield><datafield ind1=" " ind2=" " tag="042"><subfield code="a">msc</subfield></datafield><datafield ind1="0" ind2=" " tag="130"><subfield code="a">Strawberry Point press (Strawberry Point, Iowa : 1877)</subfield></datafield><datafield ind1="1" ind2="4" tag="245"><subfield code="a">The Strawberry Point press.</subfield></datafield><datafield ind1=" " ind2=" " tag="260"><subfield code="a">Strawberry Point, Clayton County, IA :</subfield><subfield code="b">Newberry &amp; Hoag</subfield></datafield><datafield ind1=" " ind2=" " tag="300"><subfield code="a">v.</subfield></datafield><datafield ind1=" " ind2=" " tag="310"><subfield code="a">Weekly</subfield></datafield><datafield ind1=" " ind2=" " tag="588"><subfield code="a">Description based on: Vol. 4, no. 21 (Aug. 1, 1877).</subfield></datafield><datafield ind1=" " ind2=" " tag="752"><subfield code="a">United States</subfield><subfield code="b">Iowa</subfield><subfield code="c">Clayton</subfield><subfield code="d">Strawberry Point.</subfield></datafield><datafield ind1="0" ind2="0" tag="780"><subfield code="t">Free press (Strawberry Point, Iowa)</subfield></datafield><datafield ind1="0" ind2="7" tag="785"><subfield code="t">Democrat (Strawberry Point, Iowa)</subfield></datafield><datafield ind1="0" ind2="7" tag="785"><subfield code="t">Press-Democrat (Strawberry Point, Iowa)</subfield></datafield></record>